@ARTICLE{2014ApJ...795...10L,
   author = {{Longcope}, D.~W.},
    title = "{A Simple Model of Chromospheric Evaporation and Condensation Driven Conductively in a Solar Flare}",
  journal = {\apj},
archivePrefix = "arXiv",
   eprint = {1409.1886},
 primaryClass = "astro-ph.SR",
 keywords = {Sun: flares},
     year = 2014,
    month = nov,
   volume = 795,
      eid = {10},
    pages = {10},
      doi = {10.1088/0004-637X/795/1/10},
   adsurl = {http://adsabs.harvard.edu/abs/2014ApJ...795...10L},
  adsnote = {Provided by the SAO/NASA Astrophysics Data System}
}

@ARTICLE{1965PhFl....8.2182H,
   author = {{Harlow}, F.~H. and {Welch}, J.~E.},
    title = "{Numerical Calculation of Time-Dependent Viscous Incompressible Flow of Fluid with Free Surface}",
  journal = {Physics of Fluids},
     year = 1965,
    month = dec,
   volume = 8,
    pages = {2182-2189},
      doi = {10.1063/1.1761178},
   adsurl = {http://adsabs.harvard.edu/abs/1965PhFl....8.2182H},
  adsnote = {Provided by the SAO/NASA Astrophysics Data System}
}

@ARTICLE{1965RvPP....1..205B,
   author = {{Braginskii}, S.~I.},
    title = "{Transport Processes in a Plasma}",
  journal = {Reviews of Plasma Physics},
     year = 1965,
   volume = 1,
    pages = {205},
   adsurl = {http://adsabs.harvard.edu/abs/1965RvPP....1..205B},
  adsnote = {Provided by the SAO/NASA Astrophysics Data System}
}
